2799 3440
223 999 335 1079 Ex
370 1043 469 1093 quo
503 1011 895 1106 philosophiae
899 1037 951 1077 et
980 1028 1248 1102 subtilioris
1284 1028 1540 1101 doctrinae
1553 1030 1751 1104 lumen
1773 1027 2006 1102 omnibus
2036 1029 2140 1079 fere
2182 1028 2369 1094 artibus
2401 1044 2460 1078 ac

223 1101 495 1187 disciplinis
527 1099 801 1165 admoveri
819 1117 1013 1181 coepit,
1045 1118 1100 1165 in
1105 1102 1452 1199 grammatica
1486 1134 1684 1190 quoque
1719 1090 1983 1171 discussae
1998 1132 2060 1179 ac
2070 1118 2300 1185 fugatae
2333 1132 2463 1168 sunt

221 1198 480 1261 tenebrae,
532 1196 709 1264 quibus
756 1213 862 1249 tam
897 1203 983 1250 diu
1001 1175 1238 1251 invoiuta
1271 1196 1479 1263 jacebat.
1564 1183 1822 1250 Erroribus
1859 1203 1999 1254 enim
2034 1219 2181 1270 quam
2216 1207 2463 1271 plurimis,

223 1291 309 1355 qui
341 1293 443 1351 jam
480 1291 744 1339 inveterati
778 1303 945 1351 erant,
992 1293 1199 1341 detectis
1247 1304 1299 1341 et
1342 1291 1643 1356 repudiatis,
1691 1307 1822 1340 nova
1865 1289 2106 1339 methodo
2140 1293 2273 1341 hanc
2303 1305 2463 1344 artem

223 1378 549 1450 exercendam
604 1393 711 1427 esse
730 1412 745 1440 ,
797 1380 897 1430 VV.
931 1381 1048 1430 DD
1100 1380 1382 1428 certissimis
1428 1379 1732 1464 argumentis
1785 1378 2187 1451 demonstrarunt
2228 1389 2279 1426 et
2304 1380 2466 1427 totius

220 1457 574 1531 grammaticae
603 1457 855 1517 rationem
888 1455 1102 1518 feliciter
1135 1468 1480 1518 emendarunt.
1550 1465 1603 1514 Si
1635 1461 1743 1530 ouis
1774 1453 1925 1532 igitur
1956 1465 2107 1515 hodie
2134 1468 2341 1536 regulae
2358 1468 2464 1518 sive

224 1550 604 1623 constructionis
644 1546 904 1614 cujusdam
938 1543 1240 1618 syntacticae
1280 1554 1384 1603 vim
1415 1565 1564 1617 atque
1595 1555 1823 1623 naturam
1857 1556 1981 1604 velit
2008 1536 2299 1642 expianare,
2344 1558 2464 1605 huic

226 1630 548 1691 communem
574 1642 716 1708 apud
752 1645 977 1709 optimos
999 1643 1239 1708 cujusque
1272 1645 1474 1709 linguae
1502 1643 1769 1707 scriptores
1797 1621 1945 1711 usum
1971 1628 2264 1696 observasse
2310 1617 2461 1710 atque

220 1729 277 1777 in
309 1731 409 1778 fide
444 1733 836 1793 auctoritateque
867 1749 1041 1780 eorum
1085 1733 1400 1794 acquiescere
1442 1746 1548 1799 non
1595 1732 1827 1778 sufficiet.
1894 1731 2001 1776 Nisi
2036 1732 2174 1778 enim
2215 1750 2278 1779 ex
2325 1736 2462 1798 cogi—

220 1816 360 1867 tandi
388 1818 581 1883 legibus
615 1829 667 1866 et
702 1817 953 1875 humanae
998 1819 1182 1867 mentis
1222 1829 1400 1892 natura
1447 1815 1646 1881 dicendi
1683 1833 1742 1865 ac
1782 1812 2031 1890 scribendi
2070 1835 2300 1868 normam
2339 1804 2469 1890 ’con-⁷

220 1897 461 1963 stituerit‚
514 1898 609 1954 nec
639 1896 821 1953 sentire
865 1905 1074 1983 poterit,
1127 1914 1311 1967 quanta
1357 1905 1412 1952 in
1451 1888 1685 1981 omnibus
1728 1900 1932 1975 linguae
1962 1886 2182 1969 partibus
2210 1888 2465 1957 humanae

207 1982 425 2044 'rationis
460 2011 577 2043 cum
610 1992 850 2057 loquendi
882 2009 976 2040 usu
1010 1997 1067 2040 ac
1103 1974 1463 2041 consuetudine
1495 1990 1560 2038 sit
1572 1982 1881 2058 consensio,
1930 2008 2025 2067 nec
2050 1993 2178 2069 satis
2203 1995 2359 2042 firmis
2397 1996 2462 2044 ad

221 2084 412 2129 veteres
447 2082 709 2144 scriptores
746 2072 1098 2144 intelligendos
1121 2091 1173 2128 et
1202 2058 1621 2142 interpretandos
1628 2070 1974 2153 fundamentis
1998 2059 2219 2141 insistet,
2251 2094 2345 2153 nec
2378 2083 2461 2130 de-

223 2169 377 2230 nique
408 2186 522 2216 cum
547 2185 805 2228 successu,
853 2168 974 2232 quid
996 2185 1206 2251 quoque
1235 2167 1350 2215 loco
1383 2179 1520 2216 recte
1553 2143 1771 2238 apteque
1803 2156 2024 2228 dicatur,
2072 2170 2194 2216 alios
2241 2170 2462 2255 docebit.

223 2254 371 2320 Quod
404 2253 606 2320 quidem
637 2264 962 2335 praeceptum
982 2240 1148 2351 quu'r'n
1165 2254 1234 2300 ab
1266 2253 1343 2326 iis,
1378 2255 1464 2329 qui
1496 2255 1551 2305 in
1582 2251 1920 2342 grammatica
1933 2255 2223 2336 iliustranda
2250 2273 2473 2330 operam

222 2336 505 2408 ponerent,
518 2336 604 2391 ¹diu
641 2333 791 2392 fuerit
824 2326 1146 2408 neglectum,
1160 2332 1374 2395 facturn
1385 2354 1473 2415 est,
1511 2355 1568 2390 ιιι
1600 2356 1650 2409 et
1681 2345 1884 2410 linguae
1916 2329 2089 2423 causas
2118 2328 2176 2393 et
2195 2336 2464 2416 verborum

223 2431 471 2496 originem
508 2410 687 2477 minus
718 2407 1351 2502 pervestigarent,⁷²·et,
1347 2426 1402 2476 si
1433 2403 1570 2518 quid
1595 2432 1626 2476 a¹
1637 2412 1867 2502 vtflgari
1875 2448 1982 2501 usu
1998 2433 2261 2496 discedere
2297 2450 2475 2503 neque*

225 2504 431 2580 regulae
467 2504 704 2578 cuidam,
744 2523 899 2582 quam
927 2496 1225 2577 statuerant,
1297 2510 1575 2581 congruere
1608 2492 1885 2578 videretur,
1939 2500 2037 2566 hoc
2072 2522 2463 2584 exceptionibus,

227 2620 348 2665 quas
382 2608 637 2666 vocabant,
676 2610 755 2655 vel
789 2609 1066 2654 anomaliae
1093 2607 1267 2671 generi
1299 2605 1757 2667 adnumerandum,
1793 2608 1938 2669 quid,
1978 2611 2117 2671 quod
2153 2612 2465 2674 scriptorem,

226 2694 427 2777 propria
461 2695 699 2742 orationis
732 2696 901 2742 indole
935 2705 985 2741 et
1016 2693 1395 2797 loquutionibus
1419 2694 1585 2762 minus
1615 2696 1975 2765 frequentibus
1992 2713 2186 2774 usum,
2204 2699 2465 2779 negligen-

227 2783 329 2830 tiae
344 2788 506 2845 atquo
538 2759 943 2832 mconcmrfitatis
954 2763 1185 2829 ιτιῆιιιιῆο
1212 2763 1575 2832 damnandum
1585 2763 1690 2832 esse
1723 2776 2019 2851 iudicarent.
2088 2786 2260 2847 Itaque
2290 2783 2465 2830 verbo-

228 2888 343 2921 rum
373 2883 670 2934 structuras,
702 2873 904 2938 proprio
941 2888 1031 2920 suo
1065 2872 1214 2920 sensu
1224 2851 1589 2957 accipienffiss,
1633 2863 1818 2936 neque
1820 2874 2021 2921 temere
2052 2876 2174 2918 nec
2180 2863 2301 2919 sine'
2333 2843 2463 2930 iusta
