2799 3440
1267 192 1333 286 ιι

176 375 736 441 ιῙιιΕιιιίπ-’ἱείηεσῐίιιιω
752 372 995 435 indicasse
1011 375 1265 436 contenti,
1295 390 1412 424 cum
1447 373 1720 432 Schellero
1743 374 1791 438 ²⁸⁵)
1824 374 1880 424 in
1912 377 2000 431 tali
2034 394 2117 442 re,
2154 397 2285 445 quae
2313 391 2432 434 νει.

168 465 416 517 -hidtonca
440 466 531 513 res
547 463 653 523 sit,
690 465 950 534 neminem
981 466 1123 512 ultm
1154 466 1501 525 coniecturam
1544 463 1817 514 ascendere
1857 467 2048 516 certive
2091 470 2282 535 aliquid
2324 489 2434 536 pro-

178 555 411 603 nuntiare
438 569 599 615 posse,
633 553 853 600 arbitrati
878 564 1010 607 sunt,

174 641 441 695 Videamus
478 641 539 689 de
568 640 794 705 singulis.

268 729 499 775 Mirum
529 726 635 775 non
661 738 737 775 est
779 738 971 776 veteres
1016 728 1400 802 grammaticos,
1433 742 1590 789 quum
1621 728 1935 777 Infinitivum
1970 747 2073 779 non
2112 748 2205 795 per
2247 749 2306 780 se
2344 736 2427 780 ab·

169 761 337 864 solute
369 816 493 872 strui
515 830 666 878 posse
695 814 787 862 sed
812 831 1020 879 semper
1046 815 1255 874 definito
1286 815 1436 863 verbo
1469 815 1693 874 adnecti,
1729 810 2037 866 intellexisse
2072 817 2167 865 sibi
2201 818 2432 876 vjderen·

171 916 307 964 tur,
316 905 382 951 in
399 904 582 957 illum
626 919 849 951 errorem
882 904 1139 962 incidisse,
1173 915 1230 953 ut
1264 904 1473 952 verbum
1503 902 1648 967 coepit
1679 905 2014 967 supplendum
2050 922 2157 956 esse
2187 908 2425 957 dicerent.

170 993 372 1040 Etenim
408 1007 734 1040 communem
766 993 1008 1056 loquendi
1041 1009 1190 1040 usum
1223 1002 1480 1052 tamquam
1507 990 1836 1054 imperiosum
1862 975 2131 1056 tyrannum
2162 996 2429 1044 observan-

169 1092 251 1128 tes·
280 1090 330 1127 et
357 1082 594 1139 colentes,
620 1081 778 1148 magis
811 1081 1030 1127 formam
1056 1090 1107 1127 et
1123 1078 1502 1144 grammaticam
1529 1078 1820 1139 rectionem,
1854 1062 1983 1144 quae
2017 1094 2239 1142 vocatur,
2273 1098 2427 1145 quam

165 1168 421 1229 propriam
439 1167 874 1230 significationem
894 1177 954 1237 ¹et:
990 1168 1097 1214 vim
1129 1168 1395 1214 verborum
1429 1164 1756 1228 indagarunt3
1792 1183 1920 1229 quae
1971 1170 2154 1233 cuique
2189 1171 2427 1217 orationis

165 1255 359 1301 formae
394 1255 534 1306 notio
567 1256 802 1315 subesset,
835 1271 1013 1318 parum
1042 1266 1333 1313 scrutantes.
1442 1251 1724 1298 Priscianus
1765 1255 1878 1314 ille,
1935 1257 2022 1317 qui
2069 1257 2138 1303 de'
2167 1259 2425 1306 Infinitive

164 1343 339 1391 multis
373 1345 498 1391 locis
530 1344 723 1392 disserit
743 1378 758 1404 ,
791 1357 1022 1392 naturam
1060 1346 1195 1393 illius
1229 1324 1455 1391 sensisse
1475 1338 1710 1402 quidem,
1756 1351 1807 1388 at
1849 1356 1956 1389 non
1992 1342 2194 1405 penitus
2227 1360 2427 1408 perspe-

170 1417 302 1478 xisse
337 1432 557 1492 videtur;
602 1434 780 1480 dubius
819 1434 956 1481 enim
993 1436 1192 1491 haeret,
1236 1418 1407 1477 utrum
1444 1445 1535 1491 pro
1569 1428 1961 1478 Nomine-verbi
2005 1441 2054 1476 et
2106 1410 2424 1483 Substantivo

165 1519 365 1579 habere,
394 1524 463 1567 an'
487 1522 748 1568 Adverbiis
773 1521 1128 1579 adnumerare,
1162 1530 1334 1566 utrum
1362 1518 1425 1564 ad
1463 1518 1810 1579 explicandam
1845 1502 2087 1565 infinitivi
2131 1518 2303 1567 histor.
2339 1535 2425 1567 na·

166 1619 332 1653 tunam
360 1610 650 1672 Enalla'gen,
684 1625 749 1654 an
783 1610 993 1671 Ellipsin
1013 1609 1068 1656 in
1101 1607 1345 1654 auxilium
1381 1604 1563 1656 debeat
1596 1620 1790 1655 vocare.
1872 1606 1948 1653 Ita
1998 1607 2137 1663 enim
2179 1610 2422 1673 scriptum

162 1695 366 1757 reliquit
398 1697 453 1742 in
480 1696 874 1743 institutionibus
899 1706 1170 1760 fgrammat.
1201 1694 1286 1742 lib.
1322 1694 1403 1742 18.
1435 1707 1543 1754 cap.
1577 1693 1660 1751 lV,
1694 1709 1744 1754 p.
1775 1694 1888 1741 125.
1915 1693 1993 1739 ed.
2029 1696 2221 1745 KrehI:
2288 1699 2420 1755 „Ita-

165 1784 298 1844 „que
334 1783 466 1845 apud
495 1783 721 1831 Graecos
755 1783 961 1845 quidem
995 1800 1086 1847 pro
1121 1780 1424 1845 Imperativo
1463 1778 1663 1842 ponitur
1695 1779 1999 1837 Infinitivus,
2034 1782 2167 1842 apud
2199 1798 2291 1828 nos
2331 1799 2419 1828 au-

164 1886 303 1935 „tem
335 1889 427 1937 pro
449 1874 703 1939 praeterito
736 1872 1005 1939 imperfecto.
1100 1874 1163 1919 Et
1206 1856 1350 1932 apud>
1380 1868 1492 1913 illos
1524 1877 1696 1914 tamen
1727 1879 1779 1914 et
1811 1868 1946 1931 apud
1966 1885 2073 1915 nos
2105 1872 2204 1917 hoc
2240 1873 2299 1918 fit
2327 1889 2417 1934 per

162 1965 411 2027 „figuram
447 1966 774 2024 ἐκλείψεως
800 1961 838 2015 ἰ.
874 1979 925 2011 e.
954 1959 1265 2010 defectioni&
1318 1951 1531 2003 Gaudere
1564 1957 1701 2001 enim
1724 1955 1899 2002 dicunt
1920 1972 2010 2019 pro
2040 1959 2190 2022 gaude
2229 1972 2280 2006 et
2305 1961 2416 2006 sub-

164 2051 399 2113 „auditur
418 2048 557 2116 jubeo
586 2051 666 2097 vel
697 2047 802 2100 volo
839 2052 920 2098 vel
955 2059 1081 2116 opto.
1115 2076 1183 2086 —-
1252 2047 1335 2092 Sic
1369 2059 1489 2108 ergo
1527 2055 1578 2090 et
1612 2045 1746 2105 apud
1779 2060 1872 2092 nos
1906 2061 2021 2091 cum
2054 2046 2413 2120 imperfectum

163 2141 263 2200 „sit
296 2140 435 2189 dicere
466 2139 586 2203 coepi
609 2154 701 2201 pro
735 2137 952 2198 dicebam,
984 2137 1176 2190 scribere
1208 2135 1332 2198 coepi
1364 2148 1454 2195 pro
1485 2129 1745 2190 stribeham,
1777 2147 1868 2193 per
1887 2132 2093 2195 eclipsin
2114 2135 2254 2181 verbi
2271 2137 2415 2201 coepit

163 2228 361 2287 „solent
395 2237 621 2273 auctores
652 2227 872 2288 proferre
906 2228 1060 2272 verba
1093 2225 1303 2270 infinita.
1309 2225 1340 2251 “
1425 2223 1588 2279 Atque
1622 2219 1851 2265 universa
1880 2220 1984 2267 fere
2002 2230 2230 2266 veterum
2248 2236 2414 2284 gram-

164 2316 463 2373 maticorum
496 2317 640 2362 turba
675 2325 727 2360 et
754 2314 1093 2360 recentiorum
1122 2311 1259 2359 haud
1289 2307 1438 2373 pauci
1470 2306 1591 2355 huic
1626 2305 1903 2355 sententiae
1932 2304 2228 2369 ,adstipulati
2277 2318 2410 2358 sunt.

160 2407 283 2466 (ΕΒ.
320 2405 615 2466 Quintilian.
643 2402 726 2451 ved.
755 2402 1008 2466 Spalding.
1030 2401 1112 2454 lib.
1146 2399 1234 2459 IX,
1265 2415 1308 2448 c.
1338 2401 1385 2450 3.
1419 2412 1469 2459 p.
1505 2393 1618 2445 487.
1672 2394 1900 2441 Donatus
1935 2394 1999 2440 ad
2039 2396 2221 2456 Heoyr.
2257 2412 2327 2463 sc.
2363 2400 2412 2445 2.

164 2496 362 2544 servius
392 2495 454 2541 ad
486 2495 619 2558 virg.
662 2497 781 2540 Aen.
820 2490 1197 2551 V111,4'98.11,
1232 2470 1372 2547 sss.)
1444 2484 1619 2548 Quid?
1663 2486 1880 2551 Magnus
1913 2487 2002 2534 ine
2047 2486 2106 2534 G.
2145 2489 2253 2539 102.
2295 2491 2412 2534 Vos-

161 2587 260 2634 sius
296 2586 358 2634 de
387 2597 490 2633 arte
519 2593 781 2649 grammat.
813 2582 898 2629 lib.
930 2581 1053 2637 VII,
1080 2593 1123 2624 c.
1151 2575 1243 2626 19.
1289 2590 1339 2638 p.
1385 2576 1503 2625 394,
1572 2576 1778 2623 Amstel.
1804 2576 1951 2626 1695.
2005 2574 2062 2621 in
2115 2575 2409 2637 Quintiliani

252 2864 294 2916 *)
332 2865 378 2903 in
404 2865 655 2918 praeceptis
685 2861 783 2904 stili
809 2861 922 2903 bene
951 2859 1095 2903 latini.
1157 2856 1205 2904 P.
1235 2854 1286 2909 1,
1329 2867 1372 2912 p.
1404 2857 1505 2899 337.

159 3392 260 3404 .........
